<record><leader>00000cas a22000007a 4500</leader><controlfield tag="001">2264916</controlfield><controlfield tag="008">760620d18801968pauwr n       0    0eng d</controlfield><controlfield tag="009">54</controlfield><datafield ind1=" " ind2=" " tag="010"><subfield code="a">sn 88079494 </subfield></datafield><datafield ind1=" " ind2=" " tag="040"><subfield code="a">PIT</subfield><subfield code="b">eng</subfield><subfield code="c">PIT</subfield><subfield code="d">NPH</subfield></datafield><datafield ind1="1" ind2=" " tag="029"><subfield code="a">AU@</subfield><subfield code="b">000025789412</subfield></datafield><datafield ind1=" " ind2=" " tag="042"><subfield code="a">msc</subfield></datafield><datafield ind1="0" ind2="4" tag="245"><subfield code="a">The New Wilmington globe.</subfield></datafield><datafield ind1=" " ind2=" " tag="260"><subfield code="a">New Wilmington, Lawrence County, Pa. :</subfield><subfield code="b">J.A. Lininger,</subfield><subfield code="c">1880-1968.</subfield></datafield><datafield ind1=" " ind2=" " tag="300"><subfield code="a">v. ;</subfield><subfield code="c">55 cm.</subfield></datafield><datafield ind1=" " ind2=" " tag="310"><subfield code="a">Weekly</subfield></datafield><datafield ind1="0" ind2=" " tag="362"><subfield code="a">Vol. 1, no. 1 (Mar. 6, 1880)-v. 89, no. 26 (Jan. 25, 1968).</subfield></datafield><datafield ind1=" " ind2=" " tag="580"><subfield code="a">Split into: Globe and New Wilmington globe (New Wilmington, Pa. : New Wilmington section), and: Globe and New Wilmington globe (New Wilmington, Pa. : Neshannock Twp section), and: Globe and New Wilmington globe (New Wilmington, Pa. : Lawrence County section).</subfield></datafield><datafield ind1=" " ind2=" " tag="752"><subfield code="a">United States</subfield><subfield code="b">Pennsylvania</subfield><subfield code="c">Lawrence</subfield><subfield code="d">New Wilmington.</subfield></datafield><datafield ind1="1" ind2="6" tag="785"><subfield code="t">Globe and New Wilmington globe (New Wilmington, Pa. : New Wilmington section)</subfield><subfield code="w">(DLC)sn 89077669</subfield></datafield><datafield ind1="1" ind2="6" tag="785"><subfield code="t">Globe and New Wilmington globe (New Wilmington, Pa. : Neshannock Twp section)</subfield><subfield code="w">(DLC)sn 89077671</subfield></datafield><datafield ind1="1" ind2="6" tag="785"><subfield code="t">Globe and New Wilmington globe (New Wilmington, Pa. : Lawrence County section)</subfield><subfield code="w">(DLC)sn 89077670</subfield></datafield></record>